%% This BibTeX bibliography file was created using BibDesk.
%% http://bibdesk.sourceforge.net/


%% Created for Ari Silburt at 2017-02-28 10:14:26 -0500 


%% Saved with string encoding Unicode (UTF-8) 



@webpage{NASAEA,
	Date-Added = {2017-02-28 15:13:39 +0000},
	Date-Modified = {2017-02-28 15:14:26 +0000},
	Lastchecked = {2017},
	Author = {{NASA Exoplanet Archive}},
	Month = {Jan},
	Title = {Nasa Exoplanet Archive},
	Url = {http://exoplanetarchive.ipac.caltech.edu/},
	Year = {2017}}

@article{Foreman-Mackey2013,
	Adsnote = {Provided by the SAO/NASA Astrophysics Data System},
	Adsurl = {http://adsabs.harvard.edu/abs/2013PASP..125..306F},
	Archiveprefix = {arXiv},
	Author = {{Foreman-Mackey}, D. and {Hogg}, D.~W. and {Lang}, D. and {Goodman}, J.},
	Doi = {10.1086/670067},
	Eprint = {1202.3665},
	Journal = {\pasp},
	Month = mar,
	Pages = {306},
	Primaryclass = {astro-ph.IM},
	Title = {{emcee: The MCMC Hammer}},
	Volume = 125,
	Year = 2013,
	Bdsk-Url-1 = {http://dx.doi.org/10.1086/670067}}

@article{Rein2012,
	Adsnote = {Provided by the SAO/NASA Astrophysics Data System},
	Adsurl = {http://adsabs.harvard.edu/abs/2012A%26A...537A.128R},
	Archiveprefix = {arXiv},
	Author = {{Rein}, H. and {Liu}, S.-F.},
	Doi = {10.1051/0004-6361/201118085},
	Eid = {A128},
	Eprint = {1110.4876},
	Journal = {\aap},
	Keywords = {methods: numerical, planets and satellites: rings, protoplanetary disks},
	Month = jan,
	Pages = {A128},
	Primaryclass = {astro-ph.EP},
	Title = {{REBOUND: an open-source multi-purpose N-body code for collisional dynamics}},
	Volume = 537,
	Year = 2012,
	Bdsk-Url-1 = {http://dx.doi.org/10.1051/0004-6361/201118085}}

@article{Robertson2012,
	Adsnote = {Provided by the SAO/NASA Astrophysics Data System},
	Adsurl = {http://adsabs.harvard.edu/abs/2012ApJ...749...39R},
	Archiveprefix = {arXiv},
	Author = {{Robertson}, P. and {Endl}, M. and {Cochran}, W.~D. and {MacQueen}, P.~J. and {Wittenmyer}, R.~A. and {Horner}, J. and {Brugamyer}, E.~J. and {Simon}, A.~E. and {Barnes}, S.~I. and {Caldwell}, C.},
	Doi = {10.1088/0004-637X/749/1/39},
	Eid = {39},
	Eprint = {1202.0265},
	Journal = {\apj},
	Keywords = {astrobiology, planetary systems, planets and satellites: dynamical evolution and stability, stars: individual: HD 79498 HD 155358 HD 197037 HD 220773, techniques: radial velocities},
	Month = apr,
	Pages = {39},
	Primaryclass = {astro-ph.EP},
	Title = {{The McDonald Observatory Planet Search: New Long-period Giant Planets and Two Interacting Jupiters in the HD 155358 System}},
	Volume = 749,
	Year = 2012,
	Bdsk-Url-1 = {http://dx.doi.org/10.1088/0004-637X/749/1/39}}

@article{Lee2002,
	Adsnote = {Provided by the SAO/NASA Astrophysics Data System},
	Adsurl = {http://adsabs.harvard.edu/abs/2002ApJ...567..596L},
	Author = {{Lee}, M.~H. and {Peale}, S.~J.},
	Doi = {10.1086/338504},
	Journal = {\apj},
	Keywords = {Celestial Mechanics, Stars: Planetary Systems, Planets and Satellites: General},
	Month = mar,
	Pages = {596-609},
	Title = {{Dynamics and Origin of the 2:1 Orbital Resonances of the GJ 876 Planets}},
	Volume = 567,
	Year = 2002,
	Bdsk-Url-1 = {http://dx.doi.org/10.1086/338504}}

@article{Goldreich2014,
	Adsnote = {Provided by the SAO/NASA Astrophysics Data System},
	Adsurl = {http://adsabs.harvard.edu/abs/2014AJ....147...32G},
	Archiveprefix = {arXiv},
	Author = {{Goldreich}, P. and {Schlichting}, H.~E.},
	Doi = {10.1088/0004-6256/147/2/32},
	Eid = {32},
	Eprint = {1308.4688},
	Journal = {\aj},
	Keywords = {celestial mechanics, methods: analytical, methods: numerical, planet-disk interactions, planets and satellites: dynamical evolution and stability, planets and satellites: formation},
	Month = feb,
	Pages = {32},
	Primaryclass = {astro-ph.EP},
	Title = {{Overstable Librations can Account for the Paucity of Mean Motion Resonances among Exoplanet Pairs}},
	Volume = 147,
	Year = 2014,
	Bdsk-Url-1 = {http://dx.doi.org/10.1088/0004-6256/147/2/32}}

@article{Delisle2012,
	Adsnote = {Provided by the SAO/NASA Astrophysics Data System},
	Adsurl = {http://adsabs.harvard.edu/abs/2012A%26A...546A..71D},
	Archiveprefix = {arXiv},
	Author = {{Delisle}, J.-B. and {Laskar}, J. and {Correia}, A.~C.~M. and {Bou{\'e}}, G.},
	Doi = {10.1051/0004-6361/201220001},
	Eid = {A71},
	Eprint = {1207.3171},
	Journal = {\aap},
	Keywords = {celestial mechanics, planets and satellites: general, planetary systems},
	Month = oct,
	Pages = {A71},
	Primaryclass = {astro-ph.EP},
	Title = {{Dissipation in planar resonant planetary systems}},
	Volume = 546,
	Year = 2012,
	Bdsk-Url-1 = {http://dx.doi.org/10.1051/0004-6361/201220001}}

@article{Papa2000,
	Adsnote = {Provided by the SAO/NASA Astrophysics Data System},
	Adsurl = {http://adsabs.harvard.edu/abs/2000MNRAS.315..823P},
	Author = {{Papaloizou}, J.~C.~B. and {Larwood}, J.~D.},
	Doi = {10.1046/j.1365-8711.2000.03466.x},
	Eprint = {astro-ph/9911431},
	Journal = {\mnras},
	Keywords = {ACCRETION, ACCRETION DISCS, CELESTIAL MECHANICS, STELLAR DYNAMICS, SOLAR SYSTEM: FORMATION, STARS: FORMATION, PLANETARY SYSTEMS},
	Month = jul,
	Pages = {823-833},
	Title = {{On the orbital evolution and growth of protoplanets embedded in a gaseous disc}},
	Volume = 315,
	Year = 2000,
	Bdsk-Url-1 = {http://dx.doi.org/10.1046/j.1365-8711.2000.03466.x}}

@book{Gregory2005,
	Adsnote = {Provided by the SAO/NASA Astrophysics Data System},
	Adsurl = {http://adsabs.harvard.edu/abs/2005blda.book.....G},
	Author = {{Gregory}, P.~C.},
	Booktitle = {Bayesian Logical Data Analysis for the Physical Sciences: A Comparative Approach with `Mathematica' Support.~Edited by P.~C.~Gregory.~ISBN 0 521 84150 X (hardback); QA279.5.G74 2005 519.5'42 -- dc22; 200445930.~Published by Cambridge University Press, Cambridge, UK, 2005.},
	Month = apr,
	Publisher = {Cambridge University Press},
	Title = {{Bayesian Logical Data Analysis for the Physical Sciences: A Comparative Approach with `Mathematica' Support}},
	Year = 2005}

@article{Kass1995,
	Author = {{Kass}, R.~E. and {Raftery}, A.~E.},
	Eid = {430},
	Journal = {Journal of the American Statistical Association},
	Month = jun,
	Pages = {773-795},
	Title = {Bayes Factors},
	Volume = 90,
	Year = 1995}

@article{Silburt2015,
	Adsnote = {Provided by the SAO/NASA Astrophysics Data System},
	Adsurl = {http://adsabs.harvard.edu/abs/2015ApJ...799..180S},
	Archiveprefix = {arXiv},
	Author = {{Silburt}, A. and {Gaidos}, E. and {Wu}, Y.},
	Doi = {10.1088/0004-637X/799/2/180},
	Eid = {180},
	Eprint = {1406.6048},
	Journal = {\apj},
	Keywords = {astrobiology, methods: statistical, planetary systems},
	Month = feb,
	Pages = {180},
	Primaryclass = {astro-ph.EP},
	Title = {{A Statistical Reconstruction of the Planet Population around Kepler Solar-type Stars}},
	Volume = 799,
	Year = 2015,
	Bdsk-Url-1 = {http://dx.doi.org/10.1088/0004-637X/799/2/180}}

@article{Petigura2013,
	Adsnote = {Provided by the SAO/NASA Astrophysics Data System},
	Adsurl = {http://adsabs.harvard.edu/abs/2013PNAS..11019273P},
	Archiveprefix = {arXiv},
	Author = {{Petigura}, E.~A. and {Howard}, A.~W. and {Marcy}, G.~W.},
	Doi = {10.1073/pnas.1319909110},
	Eprint = {1311.6806},
	Journal = {Proceedings of the National Academy of Science},
	Keywords = {extrasolar planets, astrobiology},
	Month = nov,
	Pages = {19273-19278},
	Primaryclass = {astro-ph.EP},
	Title = {{Prevalence of Earth-size planets orbiting Sun-like stars}},
	Volume = 110,
	Year = 2013,
	Bdsk-Url-1 = {http://dx.doi.org/10.1073/pnas.1319909110}}

@article{Cochran2007,
	Adsnote = {Provided by the SAO/NASA Astrophysics Data System},
	Adsurl = {http://adsabs.harvard.edu/abs/2007ApJ...665.1407C},
	Author = {{Cochran}, W.~D. and {Endl}, M. and {Wittenmyer}, R.~A. and {Bean}, J.~L.},
	Doi = {10.1086/519555},
	Journal = {\apj},
	Keywords = {Stars: Planetary Systems, stars: individual (HD 155358), Techniques: Radial Velocities},
	Month = aug,
	Pages = {1407-1412},
	Title = {{A Planetary System around HD 155358: The Lowest Metallicity Planet Host Star}},
	Volume = 665,
	Year = 2007,
	Bdsk-Url-1 = {http://dx.doi.org/10.1086/519555}}

@article{Fuhrmann2008,
	Adsnote = {Provided by the SAO/NASA Astrophysics Data System},
	Adsurl = {http://adsabs.harvard.edu/abs/2008MNRAS.384.1563F},
	Author = {{Fuhrmann}, K. and {Bernkopf}, J.},
	Doi = {10.1111/j.1365-2966.2007.12806.x},
	Journal = {\mnras},
	Keywords = {stars: evolution , stars: fundamental parameters , stars: individual: HD 155358 , planetary systems , stars: Population II},
	Month = mar,
	Pages = {1563-1566},
	Title = {{On the thick-disc exoplanet host subgiant HD 155358}},
	Volume = 384,
	Year = 2008,
	Bdsk-Url-1 = {http://dx.doi.org/10.1111/j.1365-2966.2007.12806.x}}

@article{Andre2016,
	Adsnote = {Provided by the SAO/NASA Astrophysics Data System},
	Adsurl = {http://adsabs.harvard.edu/abs/2016MNRAS.461.4406A},
	Archiveprefix = {arXiv},
	Author = {{Andr{\'e}}, Q. and {Papaloizou}, J.~C.~B.},
	Doi = {10.1093/mnras/stw1577},
	Eprint = {1607.00628},
	Journal = {\mnras},
	Keywords = {accretion, accretion discs, hydrodynamics, methods: numerical, planet-disc interactions, protoplanetary discs, planetary systems},
	Month = oct,
	Pages = {4406-4418},
	Primaryclass = {astro-ph.EP},
	Title = {{On the orbital evolution of a pair of giant planets in mean motion resonance}},
	Volume = 461,
	Year = 2016,
	Bdsk-Url-1 = {http://dx.doi.org/10.1093/mnras/stw1577}}

@article{Jefferys1988,
	Adsnote = {Provided by the SAO/NASA Astrophysics Data System},
	Adsurl = {http://adsabs.harvard.edu/abs/1988CeMec..41...39J},
	Author = {{Jefferys}, W.~H. and {Fitzpatrick}, M.~J. and {McArthur}, B.~E.},
	Journal = {Celestial Mechanics},
	Pages = {39},
	Title = {{GaussFit - a System for Least Squares and Robust Estimation}},
	Volume = 41,
	Year = 1988}

@article{Meschiari2009,
	Adsnote = {Provided by the SAO/NASA Astrophysics Data System},
	Adsurl = {http://adsabs.harvard.edu/abs/2009PASP..121.1016M},
	Archiveprefix = {arXiv},
	Author = {{Meschiari}, S. and {Wolf}, A.~S. and {Rivera}, E. and {Laughlin}, G. and {Vogt}, S. and {Butler}, P.},
	Doi = {10.1086/605730},
	Eprint = {0907.1675},
	Journal = {\pasp},
	Month = sep,
	Pages = {1016},
	Primaryclass = {astro-ph.EP},
	Title = {{Systemic: A Testbed for Characterizing the Detection of Extrasolar Planets. I. The Systemic Console Package}},
	Volume = 121,
	Year = 2009,
	Bdsk-Url-1 = {http://dx.doi.org/10.1086/605730}}

@article{Rein2009,
	Adsnote = {Provided by the SAO/NASA Astrophysics Data System},
	Adsurl = {http://adsabs.harvard.edu/abs/2009A%26A...497..595R},
	Archiveprefix = {arXiv},
	Author = {{Rein}, H. and {Papaloizou}, J.~C.~B.},
	Doi = {10.1051/0004-6361/200811330},
	Eprint = {0811.1813},
	Journal = {\aap},
	Keywords = {turbulence, celestial mechanics, planetary systems: formation, planetary systems: protoplanetary disks, methods: analytical, methods: N-body simulations},
	Month = apr,
	Pages = {595-609},
	Title = {{On the evolution of mean motion resonances through stochastic forcing: fast and slow libration modes and the origin of HD 128311}},
	Volume = 497,
	Year = 2009,
	Bdsk-Url-1 = {http://dx.doi.org/10.1051/0004-6361/200811330}}

@article{Rein2015b,
	Adsnote = {Provided by the SAO/NASA Astrophysics Data System},
	Adsurl = {http://adsabs.harvard.edu/abs/2015MNRAS.452..376R},
	Archiveprefix = {arXiv},
	Author = {{Rein}, H. and {Tamayo}, D.},
	Doi = {10.1093/mnras/stv1257},
	Eprint = {1506.01084},
	Journal = {\mnras},
	Keywords = {gravitation, methods: numerical, planets and satellites: dynamical evolution and stability},
	Month = sep,
	Pages = {376-388},
	Primaryclass = {astro-ph.EP},
	Title = {{WHFAST: a fast and unbiased implementation of a symplectic Wisdom-Holman integrator for long-term gravitational simulations}},
	Volume = 452,
	Year = 2015,
	Bdsk-Url-1 = {http://dx.doi.org/10.1093/mnras/stv1257}}

@article{Rein2015a,
	Adsnote = {Provided by the SAO/NASA Astrophysics Data System},
	Adsurl = {http://adsabs.harvard.edu/abs/2015MNRAS.446.1424R},
	Archiveprefix = {arXiv},
	Author = {{Rein}, H. and {Spiegel}, D.~S.},
	Doi = {10.1093/mnras/stu2164},
	Eprint = {1409.4779},
	Journal = {\mnras},
	Keywords = {gravitation, methods: numerical, planets and satellites: dynamical evolution and stability},
	Month = jan,
	Pages = {1424-1437},
	Primaryclass = {astro-ph.EP},
	Title = {{IAS15: a fast, adaptive, high-order integrator for gravitational dynamics, accurate to machine precision over a billion orbits}},
	Volume = 446,
	Year = 2015,
	Bdsk-Url-1 = {http://dx.doi.org/10.1093/mnras/stu2164}}

@article{Boley2016,
	Adsnote = {Provided by the SAO/NASA Astrophysics Data System},
	Adsurl = {http://adsabs.harvard.edu/abs/2016ApJ...817L..17B},
	Archiveprefix = {arXiv},
	Author = {{Boley}, A.~C. and {Granados Contreras}, A.~P. and {Gladman}, B.},
	Doi = {10.3847/2041-8205/817/2/L17},
	Eid = {L17},
	Eprint = {1510.04276},
	Journal = {\apjl},
	Keywords = {planets and satellites: dynamical evolution and stability, planets and satellites: formation},
	Month = feb,
	Pages = {L17},
	Primaryclass = {astro-ph.EP},
	Title = {{The In Situ Formation of Giant Planets at Short Orbital Periods}},
	Volume = 817,
	Year = 2016,
	Bdsk-Url-1 = {http://dx.doi.org/10.3847/2041-8205/817/2/L17}}

@article{Mayor1995,
	Adsnote = {Provided by the SAO/NASA Astrophysics Data System},
	Adsurl = {http://adsabs.harvard.edu/abs/1995Natur.378..355M},
	Author = {{Mayor}, M. and {Queloz}, D.},
	Doi = {10.1038/378355a0},
	Journal = {\nat},
	Month = nov,
	Pages = {355-359},
	Title = {{A Jupiter-mass companion to a solar-type star}},
	Volume = 378,
	Year = 1995,
	Bdsk-Url-1 = {http://dx.doi.org/10.1038/378355a0}}

@article{Huang2016,
	Adsnote = {Provided by the SAO/NASA Astrophysics Data System},
	Adsurl = {http://adsabs.harvard.edu/abs/2016ApJ...825...98H},
	Archiveprefix = {arXiv},
	Author = {{Huang}, C. and {Wu}, Y. and {Triaud}, A.~H.~M.~J.},
	Doi = {10.3847/0004-637X/825/2/98},
	Eid = {98},
	Eprint = {1601.05095},
	Journal = {\apj},
	Keywords = {methods: statistical, planets and satellites: general},
	Month = jul,
	Pages = {98},
	Primaryclass = {astro-ph.EP},
	Title = {{Warm Jupiters Are Less Lonely than Hot Jupiters: Close Neighbors}},
	Volume = 825,
	Year = 2016,
	Bdsk-Url-1 = {http://dx.doi.org/10.3847/0004-637X/825/2/98}}

@article{Batygin2016,
	Adsnote = {Provided by the SAO/NASA Astrophysics Data System},
	Adsurl = {http://adsabs.harvard.edu/abs/2016ApJ...829..114B},
	Archiveprefix = {arXiv},
	Author = {{Batygin}, K. and {Bodenheimer}, P.~H. and {Laughlin}, G.~P.},
	Doi = {10.3847/0004-637X/829/2/114},
	Eid = {114},
	Eprint = {1511.09157},
	Journal = {\apj},
	Keywords = {planets and satellites: dynamical evolution and stability, planets and satellites: formation},
	Month = oct,
	Pages = {114},
	Primaryclass = {astro-ph.EP},
	Title = {{In Situ Formation and Dynamical Evolution of Hot Jupiter Systems}},
	Volume = 829,
	Year = 2016,
	Bdsk-Url-1 = {http://dx.doi.org/10.3847/0004-637X/829/2/114}}

@article{Lin1996,
	Adsnote = {Provided by the SAO/NASA Astrophysics Data System},
	Adsurl = {http://adsabs.harvard.edu/abs/1996Natur.380..606L},
	Author = {{Lin}, D.~N.~C. and {Bodenheimer}, P. and {Richardson}, D.~C.},
	Doi = {10.1038/380606a0},
	Journal = {\nat},
	Month = apr,
	Pages = {606-607},
	Title = {{Orbital migration of the planetary companion of 51 Pegasi to its present location}},
	Volume = 380,
	Year = 1996,
	Bdsk-Url-1 = {http://dx.doi.org/10.1038/380606a0}}

@article{Wright2011,
	Adsnote = {Provided by the SAO/NASA Astrophysics Data System},
	Adsurl = {http://adsabs.harvard.edu/abs/2011ApJ...730...93W},
	Archiveprefix = {arXiv},
	Author = {{Wright}, J.~T. and {Veras}, D. and {Ford}, E.~B. and {Johnson}, J.~A. and {Marcy}, G.~W. and {Howard}, A.~W. and {Isaacson}, H. and {Fischer}, D.~A. and {Spronck}, J. and {Anderson}, J. and {Valenti}, J.},
	Doi = {10.1088/0004-637X/730/2/93},
	Eid = {93},
	Eprint = {1101.1097},
	Journal = {\apj},
	Keywords = {planetary systems, stars: individual: HD 37124},
	Month = apr,
	Pages = {93},
	Primaryclass = {astro-ph.EP},
	Title = {{The California Planet Survey. III. A Possible 2:1 Resonance in the Exoplanetary Triple System HD 37124}},
	Volume = 730,
	Year = 2011,
	Bdsk-Url-1 = {http://dx.doi.org/10.1088/0004-637X/730/2/93}}

@article{Pollack1996,
	Adsnote = {Provided by the SAO/NASA Astrophysics Data System},
	Adsurl = {http://adsabs.harvard.edu/abs/1996Icar..124...62P},
	Author = {{Pollack}, J.~B. and {Hubickyj}, O. and {Bodenheimer}, P. and {Lissauer}, J.~J. and {Podolak}, M. and {Greenzweig}, Y.},
	Doi = {10.1006/icar.1996.0190},
	Journal = {\icarus},
	Month = nov,
	Pages = {62-85},
	Title = {{Formation of the Giant Planets by Concurrent Accretion of Solids and Gas}},
	Volume = 124,
	Year = 1996,
	Bdsk-Url-1 = {http://dx.doi.org/10.1006/icar.1996.0190}}


@ARTICLE{Smith2009,
   author = {{Smith}, A.~W. and {Lissauer}, J.~J.},
    title = "{Orbital stability of systems of closely-spaced planets}",
  journal = {\icarus},
     year = 2009,
    month = may,
   volume = 201,
    pages = {381-394},
      doi = {10.1016/j.icarus.2008.12.027},
   adsurl = {http://adsabs.harvard.edu/abs/2009Icar..201..381S},
  adsnote = {Provided by the SAO/NASA Astrophysics Data System}
}

@ARTICLE{Tamayo2016,
   author = {{Tamayo}, D. and {Silburt}, A. and {Valencia}, D. and {Menou}, K. and 
	{Ali-Dib}, M. and {Petrovich}, C. and {Huang}, C.~X. and {Rein}, H. and 
	{van Laerhoven}, C. and {Paradise}, A. and {Obertas}, A. and 
	{Murray}, N.},
    title = "{A Machine Learns to Predict the Stability of Tightly Packed Planetary Systems}",
  journal = {\apjl},
archivePrefix = "arXiv",
   eprint = {1610.05359},
 primaryClass = "astro-ph.EP",
 keywords = {celestial mechanics, chaos, planets and satellites: dynamical evolution and stability},
     year = 2016,
    month = dec,
   volume = 832,
      eid = {L22},
    pages = {L22},
      doi = {10.3847/2041-8205/832/2/L22},
   adsurl = {http://adsabs.harvard.edu/abs/2016ApJ...832L..22T},
  adsnote = {Provided by the SAO/NASA Astrophysics Data System}
}


@ARTICLE{Pu2015,
   author = {{Pu}, B. and {Wu}, Y.},
    title = "{Spacing of Kepler Planets: Sculpting by Dynamical Instability}",
  journal = {\apj},
archivePrefix = "arXiv",
   eprint = {1502.05449},
 primaryClass = "astro-ph.EP",
 keywords = {planetary systems},
     year = 2015,
    month = jul,
   volume = 807,
      eid = {44},
    pages = {44},
      doi = {10.1088/0004-637X/807/1/44},
   adsurl = {http://adsabs.harvard.edu/abs/2015ApJ...807...44P},
  adsnote = {Provided by the SAO/NASA Astrophysics Data System}
}

@ARTICLE{Marshall2010,
   author = {{Marshall}, J. and {Horner}, J. and {Carter}, A.},
    title = "{Dynamical simulations of the HR8799 planetary system}",
  journal = {International Journal of Astrobiology},
 keywords = {dynamical evolution and stability of planets and satellites, individual stars, HR8799.},
     year = 2010,
    month = oct,
   volume = 9,
    pages = {259-264},
      doi = {10.1017/S1473550410000297},
   adsurl = {http://adsabs.harvard.edu/abs/2010IJAsB...9..259M},
  adsnote = {Provided by the SAO/NASA Astrophysics Data System}
}

@ARTICLE{Horner2011,
   author = {{Horner}, J. and {Marshall}, J.~P. and {Wittenmyer}, R.~A. and 
	{Tinney}, C.~G.},
    title = "{A dynamical analysis of the proposed HU Aquarii planetary system}",
  journal = {\mnras},
archivePrefix = "arXiv",
   eprint = {1106.0777},
 primaryClass = "astro-ph.EP",
 keywords = {planets and satellites: dynamical evolution and stability, binaries: close, binaries: eclipsing, stars: individual: HU Aquarii, planetary systems, white dwarfs},
     year = 2011,
    month = sep,
   volume = 416,
    pages = {L11-L15},
      doi = {10.1111/j.1745-3933.2011.01087.x},
   adsurl = {http://adsabs.harvard.edu/abs/2011MNRAS.416L..11H},
  adsnote = {Provided by the SAO/NASA Astrophysics Data System}
}

@BOOK{SSD1999,
   author = {{Murray}, C.~D. and {Dermott}, S.~F.},
    title = "{Solar system dynamics}",
 keywords = {Solar system, Celestial Mechanics},
booktitle = {Solar system dynamics by C.D.~Murray and S.F.~McDermott.~(Cambridge, UK: Cambridge University Press),  ISBN 0-521-57295-9 (hc.), ISBN 0-521-57297-4 (pbk.).},
     year = 1999,
   adsurl = {http://adsabs.harvard.edu/abs/1999ssd..book.....M},
  adsnote = {Provided by the SAO/NASA Astrophysics Data System}
}

@article{Fabrycky2014,
	Adsurl = {http://adsabs.harvard.edu/abs/2014ApJ...790..146F},
	Author = {{Fabrycky}, Daniel C. and {Lissauer}, Jack J. and {Ragozzine}, Darin and {Rowe}, Jason F. and {Steffen}, Jason H.},
	Date-Added = {2015-05-12 12:45:29 +0000},
	Date-Modified = {2015-05-12 12:46:56 +0000},
	Journal = {ApJ},
	Month = {August},
	Pages = {12},
	Title = {Architecture of Kepler's Multi-transiting Systems. II. New Investigations with Twice as Many Candidates},
	Volume = {790},
	Year = {2014}}

@article{Lissauer2011,
	Adsurl = {http://adsabs.harvard.edu/abs/2011ApJS..197....8L},
	Author = {{Lissauer}, Jack J. and {Ragozzine}, Darin and {Fabrycky}, Daniel C. and {Steffen}, Jason H. and {Ford}, Eric B.},
	Date-Added = {2015-05-12 12:43:23 +0000},
	Date-Modified = {2015-05-12 12:44:31 +0000},
	Journal = {ApJ},
	Month = {November},
	Pages = {26},
	Title = {Architecture and Dynamics of Kepler's Candidate Multiple Transiting Planet Systems},
	Volume = {197},
	Year = {2011}}

@article{Steffen2015,
	Adsurl = {http://adsabs.harvard.edu/abs/2015MNRAS.448.1956S},
	Author = {{Steffen}, Jason H. and {Hwang}, Jason A.},
	Date-Added = {2015-05-12 12:48:03 +0000},
	Date-Modified = {2015-05-12 12:48:55 +0000},
	Journal = {MNRAS},
	Month = {April},
	Pages = {16},
	Title = {The period ratio distribution of Kepler's candidate multiplanet systems},
	Volume = {448},
	Year = {2015}}

@article{Moore2013,
	Adsurl = {http://adsabs.harvard.edu/abs/2013MNRAS.432.1196M},
	Author = {{Moore}, Alexander and {Hasan}, Imran and {Quillen}, Alice C.},
	Date-Added = {2015-05-12 13:29:29 +0000},
	Date-Modified = {2015-05-12 13:30:54 +0000},
	Journal = {MNRAS},
	Month = {June},
	Pages = {7},
	Title = {Limits on orbit-crossing planetesimals in the resonant multiple planet system, KOI-730},
	Volume = {432},
	Year = {2013}}

@article{Chatterjee2015,
	Adsurl = {http://adsabs.harvard.edu/abs/2015ApJ...803...33C},
	Author = {{Chatterjee}, Sourav and {Ford}, Eric B.},
	Date-Added = {2015-05-12 13:26:49 +0000},
	Date-Modified = {2015-05-12 13:27:28 +0000},
	Journal = {ApJ},
	Month = {April},
	Pages = {10},
	Title = {Planetesimal Interactions Can Explain the Mysterious Period Ratios of Small Near-Resonant Planets},
	Volume = {803},
	Year = {2015}}

@article{Baruteau2013,
	Adsurl = {http://adsabs.harvard.edu/abs/2013ApJ...778....7B},
	Author = {{Baruteau}, Clement and {Papaloizou}, John C. B.},
	Date-Added = {2015-05-12 13:46:25 +0000},
	Date-Modified = {2015-05-12 13:47:24 +0000},
	Journal = {ApJ},
	Month = {November},
	Pages = {15},
	Title = {Disk-Planets Interactions and the Diversity of Period Ratios in Kepler's Multi-planetary Systems},
	Volume = {778},
	Year = {2013}}

@article{Batygin2013,
	Adsurl = {http://adsabs.harvard.edu/abs/2013AJ....145....1B},
	Author = {{Batygin}, K. and {Morbidelli}, A.},
	Date-Added = {2015-06-22 20:07:00 +0000},
	Date-Modified = {2015-06-22 20:08:03 +0000},
	Journal = {AJ},
	Month = {January},
	Number = {1},
	Pages = {10},
	Title = {Dissipative Divergence of Resonant Orbits},
	Volume = {145},
	Year = {2013}}

@article{Delisle2014,
	Adsurl = {http://adsabs.harvard.edu/abs/2014A%26A...566A.137D},
	Author = {{Delisle}, J.-B. and {Laskar}, J. and {Correia}, A. C. M.},
	Date-Added = {2015-05-07 13:54:04 +0000},
	Date-Modified = {2015-05-07 13:54:54 +0000},
	Journal = {AA},
	Month = {June},
	Pages = {14},
	Title = {Resonance breaking due to dissipation in planar planetary systems},
	Volume = {566},
	Year = {2014}}

@article{LithwickWu2012,
	Adsurl = {http://adsabs.harvard.edu/abs/2012ApJ...756L..11L},
	Author = {{Lithwick}, Y. and {Wu}, Y.},
	Date-Added = {2015-03-30 18:31:52 +0000},
	Date-Modified = {2015-03-30 18:33:13 +0000},
	Journal = {ApJ},
	Month = {September},
	Number = {11},
	Pages = {5},
	Title = {Resonant Repulsion of Kepler Planet Pairs},
	Volume = {756},
	Year = {2012}}

@article{Rein2012b,
	Adsurl = {http://adsabs.harvard.edu/abs/2012MNRAS.427L..21R},
	Author = {{Rein}, H.},
	Date-Added = {2015-05-12 12:56:22 +0000},
	Date-Modified = {2015-05-12 12:59:08 +0000},
	Journal = {MNRAS},
	Month = {November},
	Pages = {5},
	Title = {Period ratios in multiplanetary systems discovered by Kepler are consistent with planet migration},
	Volume = {427},
	Year = {2012}}

@article{Pollack1996,
	Adsnote = {Provided by the SAO/NASA Astrophysics Data System},
	Adsurl = {http://adsabs.harvard.edu/abs/1996Icar..124...62P},
	Author = {{Pollack}, J.~B. and {Hubickyj}, O. and {Bodenheimer}, P. and {Lissauer}, J.~J. and {Podolak}, M. and {Greenzweig}, Y.},
	Doi = {10.1006/icar.1996.0190},
	Journal = {\icarus},
	Month = nov,
	Pages = {62-85},
	Title = {{Formation of the Giant Planets by Concurrent Accretion of Solids and Gas}},
	Volume = 124,
	Year = 1996,
	Bdsk-Url-1 = {http://dx.doi.org/10.1006/icar.1996.0190}}

@ARTICLE{Goldreich1980,
   author = {{Goldreich}, P. and {Tremaine}, S.},
    title = "{Disk-satellite interactions}",
  journal = {\apj},
 keywords = {Jupiter (Planet), Momentum Transfer, Natural Satellites, Planetary Evolution, Protoplanets, Angular Momentum, Celestial Mechanics, Resonance, Solar System},
     year = 1980,
    month = oct,
   volume = 241,
    pages = {425-441},
      doi = {10.1086/158356},
   adsurl = {http://adsabs.harvard.edu/abs/1980ApJ...241..425G},
  adsnote = {Provided by the SAO/NASA Astrophysics Data System}
}

@ARTICLE{Ward1997,
   author = {{Ward}, W.~R.},
    title = "{Protoplanet Migration by Nebula Tides}",
  journal = {\icarus},
     year = 1997,
    month = apr,
   volume = 126,
    pages = {261-281},
      doi = {10.1006/icar.1996.5647},
   adsurl = {http://adsabs.harvard.edu/abs/1997Icar..126..261W},
  adsnote = {Provided by the SAO/NASA Astrophysics Data System}
}


@ARTICLE{Goldreich1979,
   author = {{Goldreich}, P. and {Tremaine}, S.},
    title = "{The excitation of density waves at the Lindblad and corotation resonances by an external potential}",
  journal = {\apj},
 keywords = {Density Wave Model, Galactic Structure, Rotating Disks, Astrodynamics, Hydrodynamics, Resonance, Stellar Motions, Wave Excitation},
     year = 1979,
    month = nov,
   volume = 233,
    pages = {857-871},
      doi = {10.1086/157448},
   adsurl = {http://adsabs.harvard.edu/abs/1979ApJ...233..857G},
  adsnote = {Provided by the SAO/NASA Astrophysics Data System}
}

@ARTICLE{Ida2000,
   author = {{Ida}, S. and {Bryden}, G. and {Lin}, D.~N.~C. and {Tanaka}, H.
	},
    title = "{Orbital Migration of Neptune and Orbital Distribution of Trans-Neptunian Objects}",
  journal = {\apj},
 keywords = {CELESTIAL MECHANICS, STELLAR DYNAMICS, PLANETS AND SATELLITES: INDIVIDUAL: NEPTUNE, SOLAR SYSTEM: FORMATION},
     year = 2000,
    month = may,
   volume = 534,
    pages = {428-445},
      doi = {10.1086/308720},
   adsurl = {http://adsabs.harvard.edu/abs/2000ApJ...534..428I},
  adsnote = {Provided by the SAO/NASA Astrophysics Data System}
}

@ARTICLE{KIrsh2009,
   author = {{Kirsh}, D.~R. and {Duncan}, M. and {Brasser}, R. and {Levison}, H.~F.
	},
    title = "{Simulations of planet migration driven by planetesimal scattering}",
  journal = {\icarus},
     year = 2009,
    month = jan,
   volume = 199,
    pages = {197-209},
      doi = {10.1016/j.icarus.2008.05.028},
   adsurl = {http://adsabs.harvard.edu/abs/2009Icar..199..197K},
  adsnote = {Provided by the SAO/NASA Astrophysics Data System}
}

@ARTICLE{Fernandez1984,
   author = {{Fernandez}, J.~A. and {Ip}, W.-H.},
    title = "{Some dynamical aspects of the accretion of Uranus and Neptune - The exchange of orbital angular momentum with planetesimals}",
  journal = {\icarus},
 keywords = {Accretion Disks, Angular Momentum, Neptune (Planet), Planetary Evolution, Protoplanets, Solar Orbits, Uranus (Planet), Capture Effect, Celestial Mechanics, Momentum Transfer, Orbit Perturbation, Planetary Mass, PLANETS, GIANT PLANETS, DYNAMICS, ACCRETION, URANUS, NEPTUNE, ORBITS, ANGULAR MOMENTUM, PLANETESIMALS, CELESTIAL MECHANICS, SIZE, MASS, CORES, PHYSICAL PROPERTIES, MODELS, FORMATION, PROTOPLANETS, JUPITER, SATURN, COMPARISONS, GRAVITY EFFECTS, INJECTION, TIME SCALE, GASES, ATMOSPHERE, STRUCTURE, COMPOSITION},
     year = 1984,
    month = apr,
   volume = 58,
    pages = {109-120},
      doi = {10.1016/0019-1035(84)90101-5},
   adsurl = {http://adsabs.harvard.edu/abs/1984Icar...58..109F},
  adsnote = {Provided by the SAO/NASA Astrophysics Data System}
}

@ARTICLE{Malhotra1993,
   author = {{Malhotra}, R.},
    title = "{The origin of Pluto's peculiar orbit}",
  journal = {\nat},
     year = 1993,
    month = oct,
   volume = 365,
    pages = {819-821},
      doi = {10.1038/365819a0},
   adsurl = {http://adsabs.harvard.edu/abs/1993Natur.365..819M},
  adsnote = {Provided by the SAO/NASA Astrophysics Data System}
}

@ARTICLE{Malhotra1995,
   author = {{Malhotra}, R.},
    title = "{The Origin of Pluto's Orbit: Implications for the Solar System Beyond Neptune}",
  journal = {\aj},
   eprint = {astro-ph/9504036},
 keywords = {PLANETS AND SATELLITES: INDIVIDUAL: PLUTO, SOLAR SYSTEM: FORMATION},
     year = 1995,
    month = jul,
   volume = 110,
    pages = {420},
      doi = {10.1086/117532},
   adsurl = {http://adsabs.harvard.edu/abs/1995AJ....110..420M},
  adsnote = {Provided by the SAO/NASA Astrophysics Data System}
}

@ARTICLE{Lin1986,
   author = {{Lin}, D.~N.~C. and {Papaloizou}, J.},
    title = "{On the tidal interaction between protoplanets and the protoplanetary disk. III - Orbital migration of protoplanets}",
  journal = {\apj},
 keywords = {Planetary Evolution, Protoplanets, Stellar Evolution, Stellar Models, Tides, Angular Momentum, Feedback, Momentum Transfer, Orbit Perturbation},
     year = 1986,
    month = oct,
   volume = 309,
    pages = {846-857},
      doi = {10.1086/164653},
   adsurl = {http://adsabs.harvard.edu/abs/1986ApJ...309..846L},
  adsnote = {Provided by the SAO/NASA Astrophysics Data System}
}

@ARTICLE{Tanaka2002,
   author = {{Tanaka}, H. and {Takeuchi}, T. and {Ward}, W.~R.},
    title = "{Three-Dimensional Interaction between a Planet and an Isothermal Gaseous Disk. I. Corotation and Lindblad Torques and Planet Migration}",
  journal = {\apj},
 keywords = {Stars: Planetary Systems: Formation, Stars: Planetary Systems: Protoplanetary Disks, Solar System: Formation, Waves},
     year = 2002,
    month = feb,
   volume = 565,
    pages = {1257-1274},
      doi = {10.1086/324713},
   adsurl = {http://adsabs.harvard.edu/abs/2002ApJ...565.1257T},
  adsnote = {Provided by the SAO/NASA Astrophysics Data System}
}

@ARTICLE{Fung2017,
   author = {{Fung}, J. and {Chiang}, E.},
    title = "{Save the Planet, Feed the Star: How Super-Earths Survive Migration and Drive Disk Accretion}",
  journal = {ArXiv e-prints},
archivePrefix = "arXiv",
   eprint = {1701.08161},
 primaryClass = "astro-ph.EP",
 keywords = {Astrophysics - Earth and Planetary Astrophysics},
     year = 2017,
    month = jan,
   adsurl = {http://adsabs.harvard.edu/abs/2017arXiv170108161F},
  adsnote = {Provided by the SAO/NASA Astrophysics Data System}
}

@ARTICLE{Nesvorny2016,
   author = {{Nesvorn{\'y}}, D. and {Vokrouhlick{\'y}}, D.},
    title = "{Neptune's Orbital Migration Was Grainy, Not Smooth}",
  journal = {\apj},
archivePrefix = "arXiv",
   eprint = {1602.06988},
 primaryClass = "astro-ph.EP",
 keywords = {Kuiper Belt: general, planets and satellites: dynamical evolution and stability},
     year = 2016,
    month = jul,
   volume = 825,
      eid = {94},
    pages = {94},
      doi = {10.3847/0004-637X/825/2/94},
   adsurl = {http://adsabs.harvard.edu/abs/2016ApJ...825...94N},
  adsnote = {Provided by the SAO/NASA Astrophysics Data System}
}

@BOOK{Armitage2010,
   author = {{Armitage}, P.~J.},
    title = "{Astrophysics of Planet Formation}",
 keywords = {planets and satellites: formation, solar system: formation, protoplanetary disks, planets and satellites: dynamical evolution and stability},
booktitle = {Astrophysics of Planet Formation, by Philip J.~Armitage, pp.~294.~ISBN 978-0-521-88745-8 (hardback).~Cambridge, UK: Cambridge University Press, 2010.},
     year = 2010,
    pages = {294},
   adsurl = {http://adsabs.harvard.edu/abs/2010apf..book.....A},
  adsnote = {Provided by the SAO/NASA Astrophysics Data System}
}

@ARTICLE{Laskar1994,
   author = {{Laskar}, J.},
    title = "{Large-scale chaos in the solar system}",
  journal = {\aap},
 keywords = {Celestial Mechanics, Chaos, Planetary Orbits, Planets, Solar System, Solar System Evolution, Stability, Diffusion, Eccentricity, Equations Of Motion, Numerical Integration},
     year = 1994,
    month = jul,
   volume = 287,
    pages = {L9-L12},
   adsurl = {http://adsabs.harvard.edu/abs/1994A%26A...287L...9L},
  adsnote = {Provided by the SAO/NASA Astrophysics Data System}
}

@ARTICLE{Laskar1988,
   author = {{Laskar}, J.},
    title = "{Secular evolution of the solar system over 10 million years}",
  journal = {\aap},
 keywords = {Celestial Mechanics, Planetary Systems, Solar System, Stellar Evolution, Fourier Analysis, Numerical Integration, Orbit Perturbation, Secular Variations, Tables (Data)},
     year = 1988,
    month = jun,
   volume = 198,
    pages = {341-362},
   adsurl = {http://adsabs.harvard.edu/abs/1988A%26A...198..341L},
  adsnote = {Provided by the SAO/NASA Astrophysics Data System}
}

@ARTICLE{Lecar2001,
   author = {{Lecar}, M. and {Franklin}, F.~A. and {Holman}, M.~J. and {Murray}, N.~J.
	},
    title = "{Chaos in the Solar System}",
  journal = {\araa},
   eprint = {astro-ph/0111600},
 keywords = {Celestial Mechanics, Planetary Dynamics, Kirkwood Gaps},
     year = 2001,
   volume = 39,
    pages = {581-631},
      doi = {10.1146/annurev.astro.39.1.581},
   adsurl = {http://adsabs.harvard.edu/abs/2001ARA%26A..39..581L},
  adsnote = {Provided by the SAO/NASA Astrophysics Data System}
}

@ARTICLE{Lithwick2010,
   author = {{Lithwick}, Y. and {Wu}, Y.},
    title = "{Theory of Secular Chaos and Mercury's Orbit}",
  journal = {\apj},
archivePrefix = "arXiv",
   eprint = {1012.3706},
 primaryClass = "astro-ph.EP",
 keywords = {chaos, planets and satellites: dynamical evolution and stability},
     year = 2011,
    month = sep,
   volume = 739,
      eid = {31},
    pages = {31},
      doi = {10.1088/0004-637X/739/1/31},
   adsurl = {http://adsabs.harvard.edu/abs/2011ApJ...739...31L},
  adsnote = {Provided by the SAO/NASA Astrophysics Data System}
}

@ARTICLE{Chirikov1979,
   author = {{Chirikov}, B.},
    title = "{A universal instability of many-dimensional oscillator systems}",
  journal = {Physics Review},
 keywords = {chaos, planets and satellites: dynamical evolution and stability},
     year = 1979,
    month = may,
   volume = 52,
      eid = {5},
    pages = {263-379},
}

@ARTICLE{Sussman1988,
   author = {{Sussman}, G.~J. and {Wisdom}, J.},
    title = "{Numerical evidence that the motion of Pluto is chaotic}",
  journal = {Science},
 keywords = {Celestial Mechanics, Chaos, Eccentric Orbits, Pluto (Planet), Solar Orbits, Astronomical Models, Inclination, Numerical Integration, Orbital Elements},
     year = 1988,
    month = jul,
   volume = 241,
    pages = {433-437},
      doi = {10.1126/science.241.4864.433},
   adsurl = {http://adsabs.harvard.edu/abs/1988Sci...241..433S},
  adsnote = {Provided by the SAO/NASA Astrophysics Data System}
}

@ARTICLE{Laskar2009,
   author = {{Laskar}, J. and {Gastineau}, M.},
    title = "{Existence of collisional trajectories of Mercury, Mars and Venus with the Earth}",
  journal = {\nat},
     year = 2009,
    month = jun,
   volume = 459,
    pages = {817-819},
      doi = {10.1038/nature08096},
   adsurl = {http://adsabs.harvard.edu/abs/2009Natur.459..817L},
  adsnote = {Provided by the SAO/NASA Astrophysics Data System}
}

@ARTICLE{Jontof-Hutter2014,
   author = {{Jontof-Hutter}, D. and {Lissauer}, J.~J. and {Rowe}, J.~F. and 
	{Fabrycky}, D.~C.},
    title = "{Kepler-79's Low Density Planets}",
  journal = {\apj},
archivePrefix = "arXiv",
   eprint = {1310.2642},
 primaryClass = "astro-ph.EP",
 keywords = {planetary systems, stars: individual: KOI-152 Kepler-79, techniques: photometric},
     year = 2014,
    month = apr,
   volume = 785,
      eid = {15},
    pages = {15},
      doi = {10.1088/0004-637X/785/1/15},
   adsurl = {http://adsabs.harvard.edu/abs/2014ApJ...785...15J},
  adsnote = {Provided by the SAO/NASA Astrophysics Data System}
}

@ARTICLE{Steffen2013,
   author = {{Steffen}, J.~H. and {Fabrycky}, D.~C. and {Agol}, E. and {Ford}, E.~B. and 
	{Morehead}, R.~C. and {Cochran}, W.~D. and {Lissauer}, J.~J. and 
	{Adams}, E.~R. and {Borucki}, W.~J. and {Bryson}, S. and {Caldwell}, D.~A. and 
	{Dupree}, A. and {Jenkins}, J.~M. and {Robertson}, P. and {Rowe}, J.~F. and 
	{Seader}, S. and {Thompson}, S. and {Twicken}, J.~D.},
    title = "{Transit timing observations from Kepler - VII. Confirmation of 27 planets in 13 multiplanet systems via transit timing variations and orbital stability}",
  journal = {\mnras},
archivePrefix = "arXiv",
   eprint = {1208.3499},
 primaryClass = "astro-ph.EP",
 keywords = {methods: data analysis, techniques: photometric, celestial mechanics},
     year = 2013,
    month = jan,
   volume = 428,
    pages = {1077-1087},
      doi = {10.1093/mnras/sts090},
   adsurl = {http://adsabs.harvard.edu/abs/2013MNRAS.428.1077S},
  adsnote = {Provided by the SAO/NASA Astrophysics Data System}
}

@ARTICLE{Tamayo2015,
   author = {{Tamayo}, D. and {Triaud}, A.~H.~M.~J. and {Menou}, K. and {Rein}, H.
	},
    title = "{Dynamical Stability of Imaged Planetary Systems in Formation: Application to HL Tau}",
  journal = {\apj},
archivePrefix = "arXiv",
   eprint = {1502.05099},
 primaryClass = "astro-ph.EP",
 keywords = {celestial mechanics, planet{\ndash}disk interactions, planetary systems, planets and satellites: dynamical evolution and stability, planets and satellites: formation, submillimeter: planetary systems},
     year = 2015,
    month = jun,
   volume = 805,
      eid = {100},
    pages = {100},
      doi = {10.1088/0004-637X/805/2/100},
   adsurl = {http://adsabs.harvard.edu/abs/2015ApJ...805..100T},
  adsnote = {Provided by the SAO/NASA Astrophysics Data System}
}

@ARTICLE{Wisdom1980,
   author = {{Wisdom}, J.},
    title = "{The resonance overlap criterion and the onset of stochastic behavior in the restricted three-body problem}",
  journal = {\aj},
 keywords = {Celestial Mechanics, Dynamic Stability, Resonance, Stochastic Processes, Three Body Problem, Entropy, Hamiltonian Functions, Kolmogoroff Theory, Mass Ratios, Nonlinear Equations, Scaling Laws},
     year = 1980,
    month = aug,
   volume = 85,
    pages = {1122-1133},
      doi = {10.1086/112778},
   adsurl = {http://adsabs.harvard.edu/abs/1980AJ.....85.1122W},
  adsnote = {Provided by the SAO/NASA Astrophysics Data System}
}

@ARTICLE{Duncan1989,
   author = {{Duncan}, M. and {Quinn}, T. and {Tremaine}, S.},
    title = "{The long-term evolution of orbits in the solar system - A mapping approach}",
  journal = {\icarus},
 keywords = {Orbit Perturbation, Planetary Mapping, Planetary Orbits, Solar System, Three Body Problem, Approximation, Celestial Mechanics, Eccentric Orbits, Orbital Elements, Planetary Evolution},
     year = 1989,
    month = dec,
   volume = 82,
    pages = {402-418},
      doi = {10.1016/0019-1035(89)90047-X},
   adsurl = {http://adsabs.harvard.edu/abs/1989Icar...82..402D},
  adsnote = {Provided by the SAO/NASA Astrophysics Data System}
}

@ARTICLE{Gladman1993,
   author = {{Gladman}, B.},
    title = "{Dynamics of systems of two close planets}",
  journal = {\icarus},
 keywords = {Protoplanets, Planetary Evolution, Planetary Mass, Eccentric Orbits, Chaos, Embryos, Solar System, Pulsars},
     year = 1993,
    month = nov,
   volume = 106,
    pages = {247},
      doi = {10.1006/icar.1993.1169},
   adsurl = {http://adsabs.harvard.edu/abs/1993Icar..106..247G},
  adsnote = {Provided by the SAO/NASA Astrophysics Data System}
}

@ARTICLE{Fang2013,
   author = {{Fang}, J. and {Margot}, J.-L.},
    title = "{Are Planetary Systems Filled to Capacity? A Study Based on Kepler Results}",
  journal = {\apj},
archivePrefix = "arXiv",
   eprint = {1302.7190},
 primaryClass = "astro-ph.EP",
 keywords = {methods: statistical, planetary systems, planets and satellites: detection, planets and satellites: general},
     year = 2013,
    month = apr,
   volume = 767,
      eid = {115},
    pages = {115},
      doi = {10.1088/0004-637X/767/2/115},
   adsurl = {http://adsabs.harvard.edu/abs/2013ApJ...767..115F},
  adsnote = {Provided by the SAO/NASA Astrophysics Data System}
}

@ARTICLE{Rafikov2003,
   author = {{Rafikov}, R.~R.},
    title = "{The Growth of Planetary Embryos: Orderly, Runaway, or Oligarchic?}",
  journal = {\aj},
   eprint = {astro-ph/0209059},
 keywords = {Stars: Planetary Systems: General, Planets and Satellites: General, Solar System: Formation},
     year = 2003,
    month = feb,
   volume = 125,
    pages = {942-961},
      doi = {10.1086/345971},
   adsurl = {http://adsabs.harvard.edu/abs/2003AJ....125..942R},
  adsnote = {Provided by the SAO/NASA Astrophysics Data System}
}

@ARTICLE{Gomes2004,
   author = {{Gomes}, R.~S. and {Morbidelli}, A. and {Levison}, H.~F.},
    title = "{Planetary migration in a planetesimal disk: why did Neptune stop at 30 AU?}",
  journal = {\icarus},
     year = 2004,
    month = aug,
   volume = 170,
    pages = {492-507},
      doi = {10.1016/j.icarus.2004.03.011},
   adsurl = {http://adsabs.harvard.edu/abs/2004Icar..170..492G},
  adsnote = {Provided by the SAO/NASA Astrophysics Data System}
}

@ARTICLE{Wisdom1991,
   author = {{Wisdom}, J. and {Holman}, M.},
    title = "{Symplectic maps for the n-body problem}",
  journal = {\aj},
 keywords = {Many Body Problem, Planetary Evolution, Pluto (Planet), Astronomical Maps, Gravitational Effects},
     year = 1991,
    month = oct,
   volume = 102,
    pages = {1528-1538},
      doi = {10.1086/115978},
   adsurl = {http://adsabs.harvard.edu/abs/1991AJ....102.1528W},
  adsnote = {Provided by the SAO/NASA Astrophysics Data System}
}

@BOOK{Plummer1918,
   author = {{Plummer}, H.~C.~K.},
    title = "{An introductory treatise on dynamical astronomy}",
 keywords = {MECHANICS, CELESTIAL},
booktitle = {Cambridge, University press, 1918.},
     year = 1918,
   adsurl = {http://adsabs.harvard.edu/abs/1918itda.book.....P},
  adsnote = {Provided by the SAO/NASA Astrophysics Data System}
}

@ARTICLE{Duncan1998,
   author = {{Duncan}, M.~J. and {Levison}, H.~F. and {Lee}, M.~H.},
    title = "{A Multiple Time Step Symplectic Algorithm for Integrating Close Encounters}",
  journal = {\aj},
 keywords = {CELESTIAL MECHANICS, STELLAR DYNAMICS, METHODS: NUMERICAL, STARS: PLANETARY SYSTEMS, SOLAR SYSTEM: GENERAL},
     year = 1998,
    month = oct,
   volume = 116,
    pages = {2067-2077},
      doi = {10.1086/300541},
   adsurl = {http://adsabs.harvard.edu/abs/1998AJ....116.2067D},
  adsnote = {Provided by the SAO/NASA Astrophysics Data System}
}

@ARTICLE{Laskar1995,
   author = {{Laskar}, J. and {Robutel}, P.},
    title = "{Stability of the Planetary Three-Body Problem. I. Expansion of the Planetary Hamiltonian}",
  journal = {Celestial Mechanics and Dynamical Astronomy},
 keywords = {Planetary motion, perturbation function, celestial mechanics, computer algebra},
     year = 1995,
    month = jul,
   volume = 62,
    pages = {193-217},
      doi = {10.1007/BF00692088},
   adsurl = {http://adsabs.harvard.edu/abs/1995CeMDA..62..193L},
  adsnote = {Provided by the SAO/NASA Astrophysics Data System}
}

@ARTICLE{Wisdom2006,
   author = {{Wisdom}, J.},
    title = "{Symplectic Correctors for Canonical Heliocentric n-Body Maps}",
  journal = {\aj},
 keywords = {Celestial Mechanics, Gravitation, Methods: Analytical, Methods: Numerical, Solar System: General},
     year = 2006,
    month = apr,
   volume = 131,
    pages = {2294-2298},
      doi = {10.1086/500829},
   adsurl = {http://adsabs.harvard.edu/abs/2006AJ....131.2294W},
  adsnote = {Provided by the SAO/NASA Astrophysics Data System}
}

@ARTICLE{Hernandez2016,
   author = {{Hernandez}, D.~M. and {Dehnen}, W.},
    title = "{A study of symplectic integrators for planetary system problems: error analysis and comparisons}",
  journal = {ArXiv e-prints},
archivePrefix = "arXiv",
   eprint = {1612.05329},
 primaryClass = "astro-ph.EP",
 keywords = {Astrophysics - Earth and Planetary Astrophysics, Astrophysics - Instrumentation and Methods for Astrophysics},
     year = 2016,
    month = dec,
   adsurl = {http://adsabs.harvard.edu/abs/2016arXiv161205329H},
  adsnote = {Provided by the SAO/NASA Astrophysics Data System}
}

@BOOK{Press2002,
   author = {{Press}, W.~H. and {Teukolsky}, S.~A. and {Vetterling}, W.~T. and 
	{Flannery}, B.~P.},
    title = "{Numerical recipes in C++ : the art of scientific computing}",
booktitle = {Numerical recipes in C++ : the art of scientific computing by William H.~Press.~xxviii, 1,002 p.~: ill.~; 26 cm.~ Includes bibliographical references and index.~ISBN :  0521750334},
     year = 2002,
   adsurl = {http://adsabs.harvard.edu/abs/2002nrca.book.....P},
  adsnote = {Provided by the SAO/NASA Astrophysics Data System}
}

@ARTICLE{Rein2015,
   author = {{Rein}, H. and {Spiegel}, D.~S.},
    title = "{IAS15: a fast, adaptive, high-order integrator for gravitational dynamics, accurate to machine precision over a billion orbits}",
  journal = {\mnras},
archivePrefix = "arXiv",
   eprint = {1409.4779},
 primaryClass = "astro-ph.EP",
 keywords = {gravitation, methods: numerical, planets and satellites: dynamical evolution and stability},
     year = 2015,
    month = jan,
   volume = 446,
    pages = {1424-1437},
      doi = {10.1093/mnras/stu2164},
   adsurl = {http://adsabs.harvard.edu/abs/2015MNRAS.446.1424R},
  adsnote = {Provided by the SAO/NASA Astrophysics Data System}
}

@ARTICLE{Chambers1999,
   author = {{Chambers}, J.~E.},
    title = "{A hybrid symplectic integrator that permits close encounters between massive bodies}",
  journal = {\mnras},
 keywords = {ACCRETION, ACCRETION DISCS, METHODS: NUMERICAL, CELESTIAL MECHANICS, STELLAR DYNAMICS, SOLAR SYSTEM: GENERAL},
     year = 1999,
    month = apr,
   volume = 304,
    pages = {793-799},
      doi = {10.1046/j.1365-8711.1999.02379.x},
   adsurl = {http://adsabs.harvard.edu/abs/1999MNRAS.304..793C},
  adsnote = {Provided by the SAO/NASA Astrophysics Data System}
}

@INBOOK{Beauge2007,
   author = {{Beaug{\'e}}, C. and {Ferraz-Mello}, S. and {Michtchenko}, T.~A.
	},
    title = "{Planetary Masses and Orbital Parameters from Radial Velocity Measurements}",
booktitle = {Extrasolar Planets.~Formation, Detection and Dynamics},
     year = 2007,
   editor = {{Dvorak}, R.},
    pages = {1},
   adsurl = {http://adsabs.harvard.edu/abs/2007epfd.book....1B},
  adsnote = {Provided by the SAO/NASA Astrophysics Data System}
}

@ARTICLE{Brown2011,
   author = {{Brown}, T.~M. and {Latham}, D.~W. and {Everett}, M.~E. and 
	{Esquerdo}, G.~A.},
    title = "{Kepler Input Catalog: Photometric Calibration and Stellar Classification}",
  journal = {\aj},
archivePrefix = "arXiv",
   eprint = {1102.0342},
 primaryClass = "astro-ph.SR",
 keywords = {catalogs, methods: data analysis, surveys, techniques: photometric},
     year = 2011,
    month = oct,
   volume = 142,
      eid = {112},
    pages = {112},
      doi = {10.1088/0004-6256/142/4/112},
   adsurl = {http://adsabs.harvard.edu/abs/2011AJ....142..112B},
  adsnote = {Provided by the SAO/NASA Astrophysics Data System}
}

@ARTICLE{Charbonneau2000,
   author = {{Charbonneau}, D. and {Brown}, T.~M. and {Latham}, D.~W. and 
	{Mayor}, M.},
    title = "{Detection of Planetary Transits Across a Sun-like Star}",
  journal = {\apjl},
   eprint = {astro-ph/9911436},
 keywords = {STARS: BINARIES: ECLIPSING, STARS: PLANETARY SYSTEMS, STARS: INDIVIDUAL: HENRY DRAPER NUMBER: HD 209458, TECHNIQUES: PHOTOMETRIC, TECHNIQUES: RADIAL VELOCITIES, Stars: Binaries: Eclipsing, Stars: Planetary Systems, Stars: Individual: Henry Draper Number: HD 209458, Techniques: Photometric, Techniques: Radial Velocities},
     year = 2000,
    month = jan,
   volume = 529,
    pages = {L45-L48},
      doi = {10.1086/312457},
   adsurl = {http://adsabs.harvard.edu/abs/2000ApJ...529L..45C},
  adsnote = {Provided by the SAO/NASA Astrophysics Data System}
}

@ARTICLE{Henry1999,
   author = {{Henry}, G.~W. and {Marcy}, G. and {Butler}, R.~P. and {Vogt}, S.~S.
	},
    title = "{HD 209458}",
  journal = {\iaucirc},
     year = 1999,
    month = nov,
   volume = 7307,
   adsurl = {http://adsabs.harvard.edu/abs/1999IAUC.7307....1H},
  adsnote = {Provided by the SAO/NASA Astrophysics Data System}
}

@ARTICLE{Fressin2013,
   author = {{Fressin}, F. and {Torres}, G. and {Charbonneau}, D. and {Bryson}, S.~T. and 
	{Christiansen}, J. and {Dressing}, C.~D. and {Jenkins}, J.~M. and 
	{Walkowicz}, L.~M. and {Batalha}, N.~M.},
    title = "{The False Positive Rate of Kepler and the Occurrence of Planets}",
  journal = {\apj},
archivePrefix = "arXiv",
   eprint = {1301.0842},
 primaryClass = "astro-ph.EP",
 keywords = {binaries: eclipsing, methods: data analysis, methods: statistical, planetary systems },
     year = 2013,
    month = apr,
   volume = 766,
      eid = {81},
    pages = {81},
      doi = {10.1088/0004-637X/766/2/81},
   adsurl = {http://adsabs.harvard.edu/abs/2013ApJ...766...81F},
  adsnote = {Provided by the SAO/NASA Astrophysics Data System}
}

@ARTICLE{Stevenson2016,
   author = {{Stevenson}, K.~B. and {Bean}, J.~L. and {Seifahrt}, A. and 
	{Gilbert}, G.~J. and {Line}, M.~R. and {D{\'e}sert}, J.-M. and 
	{Fortney}, J.~J.},
    title = "{A Search for Water in the Atmosphere of HAT-P-26b Using LDSS-3C}",
  journal = {\apj},
archivePrefix = "arXiv",
   eprint = {1511.08226},
 primaryClass = "astro-ph.EP",
 keywords = {planets and satellites: atmospheres, stars: individual: HAT-P-26, techniques: spectroscopic},
     year = 2016,
    month = feb,
   volume = 817,
      eid = {141},
    pages = {141},
      doi = {10.3847/0004-637X/817/2/141},
   adsurl = {http://adsabs.harvard.edu/abs/2016ApJ...817..141S},
  adsnote = {Provided by the SAO/NASA Astrophysics Data System}
}

@ARTICLE{Tsiaras2016,
   author = {{Tsiaras}, A. and {Rocchetto}, M. and {Waldmann}, I.~P. and 
	{Venot}, O. and {Varley}, R. and {Morello}, G. and {Damiano}, M. and 
	{Tinetti}, G. and {Barton}, E.~J. and {Yurchenko}, S.~N. and 
	{Tennyson}, J.},
    title = "{Detection of an Atmosphere Around the Super-Earth 55 Cancri e}",
  journal = {\apj},
archivePrefix = "arXiv",
   eprint = {1511.08901},
 primaryClass = "astro-ph.EP",
 keywords = {methods: data analysis, methods: statistical, planets and satellites: atmospheres, planets and satellites: individual: 55 Cancri e, techniques: spectroscopic},
     year = 2016,
    month = apr,
   volume = 820,
      eid = {99},
    pages = {99},
      doi = {10.3847/0004-637X/820/2/99},
   adsurl = {http://adsabs.harvard.edu/abs/2016ApJ...820...99T},
  adsnote = {Provided by the SAO/NASA Astrophysics Data System}
}

@ARTICLE{Kreidberg2014,
   author = {{Kreidberg}, L. and {Bean}, J.~L. and {D{\'e}sert}, J.-M. and 
	{Benneke}, B. and {Deming}, D. and {Stevenson}, K.~B. and {Seager}, S. and 
	{Berta-Thompson}, Z. and {Seifahrt}, A. and {Homeier}, D.},
    title = "{Clouds in the atmosphere of the super-Earth exoplanet GJ1214b}",
  journal = {\nat},
archivePrefix = "arXiv",
   eprint = {1401.0022},
 primaryClass = "astro-ph.EP",
     year = 2014,
    month = jan,
   volume = 505,
    pages = {69-72},
      doi = {10.1038/nature12888},
   adsurl = {http://adsabs.harvard.edu/abs/2014Natur.505...69K},
  adsnote = {Provided by the SAO/NASA Astrophysics Data System}
}

@ARTICLE{Batalha2013,
   author = {{Batalha}, N.~M. and {Rowe}, J.~F. and {Bryson}, S.~T. and {Barclay}, T. and 
	{Burke}, C.~J. and {Caldwell}, D.~A. and {Christiansen}, J.~L. and 
	{Mullally}, F. and {Thompson}, S.~E. and {Brown}, T.~M. and 
	{Dupree}, A.~K. and {Fabrycky}, D.~C. and {Ford}, E.~B. and 
	{Fortney}, J.~J. and {Gilliland}, R.~L. and {Isaacson}, H. and 
	{Latham}, D.~W. and {Marcy}, G.~W. and {Quinn}, S.~N. and {Ragozzine}, D. and 
	{Shporer}, A. and {Borucki}, W.~J. and {Ciardi}, D.~R. and {Gautier}, III, T.~N. and 
	{Haas}, M.~R. and {Jenkins}, J.~M. and {Koch}, D.~G. and {Lissauer}, J.~J. and 
	{Rapin}, W. and {Basri}, G.~S. and {Boss}, A.~P. and {Buchhave}, L.~A. and 
	{Carter}, J.~A. and {Charbonneau}, D. and {Christensen-Dalsgaard}, J. and 
	{Clarke}, B.~D. and {Cochran}, W.~D. and {Demory}, B.-O. and 
	{Desert}, J.-M. and {Devore}, E. and {Doyle}, L.~R. and {Esquerdo}, G.~A. and 
	{Everett}, M. and {Fressin}, F. and {Geary}, J.~C. and {Girouard}, F.~R. and 
	{Gould}, A. and {Hall}, J.~R. and {Holman}, M.~J. and {Howard}, A.~W. and 
	{Howell}, S.~B. and {Ibrahim}, K.~A. and {Kinemuchi}, K. and 
	{Kjeldsen}, H. and {Klaus}, T.~C. and {Li}, J. and {Lucas}, P.~W. and 
	{Meibom}, S. and {Morris}, R.~L. and {Pr{\v s}a}, A. and {Quintana}, E. and 
	{Sanderfer}, D.~T. and {Sasselov}, D. and {Seader}, S.~E. and 
	{Smith}, J.~C. and {Steffen}, J.~H. and {Still}, M. and {Stumpe}, M.~C. and 
	{Tarter}, J.~C. and {Tenenbaum}, P. and {Torres}, G. and {Twicken}, J.~D. and 
	{Uddin}, K. and {Van Cleve}, J. and {Walkowicz}, L. and {Welsh}, W.~F.
	},
    title = "{Planetary Candidates Observed by Kepler. III. Analysis of the First 16 Months of Data}",
  journal = {\apjs},
archivePrefix = "arXiv",
   eprint = {1202.5852},
 primaryClass = "astro-ph.EP",
 keywords = {catalogs, eclipses, planetary systems, space vehicles, techniques: photometric },
     year = 2013,
    month = feb,
   volume = 204,
      eid = {24},
    pages = {24},
      doi = {10.1088/0067-0049/204/2/24},
   adsurl = {http://adsabs.harvard.edu/abs/2013ApJS..204...24B},
  adsnote = {Provided by the SAO/NASA Astrophysics Data System}
}

@ARTICLE{ALMA2015,
   author = {{ALMA Partnership} and {Brogan}, C.~L. and {P{\'e}rez}, L.~M. and 
	{Hunter}, T.~R. and {Dent}, W.~R.~F. and {Hales}, A.~S. and 
	{Hills}, R.~E. and {Corder}, S. and {Fomalont}, E.~B. and {Vlahakis}, C. and 
	{Asaki}, Y. and {Barkats}, D. and {Hirota}, A. and {Hodge}, J.~A. and 
	{Impellizzeri}, C.~M.~V. and {Kneissl}, R. and {Liuzzo}, E. and 
	{Lucas}, R. and {Marcelino}, N. and {Matsushita}, S. and {Nakanishi}, K. and 
	{Phillips}, N. and {Richards}, A.~M.~S. and {Toledo}, I. and 
	{Aladro}, R. and {Broguiere}, D. and {Cortes}, J.~R. and {Cortes}, P.~C. and 
	{Espada}, D. and {Galarza}, F. and {Garcia-Appadoo}, D. and 
	{Guzman-Ramirez}, L. and {Humphreys}, E.~M. and {Jung}, T. and 
	{Kameno}, S. and {Laing}, R.~A. and {Leon}, S. and {Marconi}, G. and 
	{Mignano}, A. and {Nikolic}, B. and {Nyman}, L.-A. and {Radiszcz}, M. and 
	{Remijan}, A. and {Rod{\'o}n}, J.~A. and {Sawada}, T. and {Takahashi}, S. and 
	{Tilanus}, R.~P.~J. and {Vila Vilaro}, B. and {Watson}, L.~C. and 
	{Wiklind}, T. and {Akiyama}, E. and {Chapillon}, E. and {de Gregorio-Monsalvo}, I. and 
	{Di Francesco}, J. and {Gueth}, F. and {Kawamura}, A. and {Lee}, C.-F. and 
	{Nguyen Luong}, Q. and {Mangum}, J. and {Pietu}, V. and {Sanhueza}, P. and 
	{Saigo}, K. and {Takakuwa}, S. and {Ubach}, C. and {van Kempen}, T. and 
	{Wootten}, A. and {Castro-Carrizo}, A. and {Francke}, H. and 
	{Gallardo}, J. and {Garcia}, J. and {Gonzalez}, S. and {Hill}, T. and 
	{Kaminski}, T. and {Kurono}, Y. and {Liu}, H.-Y. and {Lopez}, C. and 
	{Morales}, F. and {Plarre}, K. and {Schieven}, G. and {Testi}, L. and 
	{Videla}, L. and {Villard}, E. and {Andreani}, P. and {Hibbard}, J.~E. and 
	{Tatematsu}, K.},
    title = "{The 2014 ALMA Long Baseline Campaign: First Results from High Angular Resolution Observations toward the HL Tau Region}",
  journal = {\apjl},
archivePrefix = "arXiv",
   eprint = {1503.02649},
 primaryClass = "astro-ph.SR",
 keywords = {protoplanetary disks, stars: formation, stars: individual: HL Tau, XZ Tau, LkH{$\alpha$}358, submillimeter: planetary systems, techniques: interferometric},
     year = 2015,
    month = jul,
   volume = 808,
      eid = {L3},
    pages = {L3},
      doi = {10.1088/2041-8205/808/1/L3},
   adsurl = {http://adsabs.harvard.edu/abs/2015ApJ...808L...3A},
  adsnote = {Provided by the SAO/NASA Astrophysics Data System}
}

@ARTICLE{Choquet2016,
   author = {{Choquet}, {\'E}. and {Perrin}, M.~D. and {Chen}, C.~H. and 
	{Soummer}, R. and {Pueyo}, L. and {Hagan}, J.~B. and {Gofas-Salas}, E. and 
	{Rajan}, A. and {Golimowski}, D.~A. and {Hines}, D.~C. and {Schneider}, G. and 
	{Mazoyer}, J. and {Augereau}, J.-C. and {Debes}, J. and {Stark}, C.~C. and 
	{Wolff}, S. and {N'Diaye}, M. and {Hsiao}, K.},
    title = "{First Images of Debris Disks around TWA 7, TWA 25, HD 35650, and HD 377}",
  journal = {\apjl},
archivePrefix = "arXiv",
   eprint = {1512.02220},
 primaryClass = "astro-ph.SR",
 keywords = {circumstellar matter, stars: individual: TWA 7, TWA 25, HD 35650, HD 377, techniques: image processing},
     year = 2016,
    month = jan,
   volume = 817,
      eid = {L2},
    pages = {L2},
      doi = {10.3847/2041-8205/817/1/L2},
   adsurl = {http://adsabs.harvard.edu/abs/2016ApJ...817L...2C},
  adsnote = {Provided by the SAO/NASA Astrophysics Data System}
}

@ARTICLE{Schneider2014,
   author = {{Schneider}, G. and {Grady}, C.~A. and {Hines}, D.~C. and {Stark}, C.~C. and 
	{Debes}, J.~H. and {Carson}, J. and {Kuchner}, M.~J. and {Perrin}, M.~D. and 
	{Weinberger}, A.~J. and {Wisniewski}, J.~P. and {Silverstone}, M.~D. and 
	{Jang-Condell}, H. and {Henning}, T. and {Woodgate}, B.~E. and 
	{Serabyn}, E. and {Moro-Martin}, A. and {Tamura}, M. and {Hinz}, P.~M. and 
	{Rodigas}, T.~J.},
    title = "{Probing for Exoplanets Hiding in Dusty Debris Disks: Disk Imaging, Characterization, and Exploration with HST/STIS Multi-roll Coronagraphy}",
  journal = {\aj},
archivePrefix = "arXiv",
   eprint = {1406.7303},
 primaryClass = "astro-ph.IM",
 keywords = {methods: observational, planet-disk interactions, stars: individual: HD 15115 HD 15745 HD 32297 HD 53143 HD 61005 HD 92945 HD 107146 HD 139664 HD 181327 Au Mic MP Mus},
     year = 2014,
    month = oct,
   volume = 148,
      eid = {59},
    pages = {59},
      doi = {10.1088/0004-6256/148/4/59},
   adsurl = {http://adsabs.harvard.edu/abs/2014AJ....148...59S},
  adsnote = {Provided by the SAO/NASA Astrophysics Data System}
}

@ARTICLE{Hayashi1981,
   author = {{Hayashi}, C.},
    title = "{Structure of the Solar Nebula, Growth and Decay of Magnetic Fields and Effects of Magnetic and Turbulent Viscosities on the Nebula}",
  journal = {Progress of Theoretical Physics Supplement},
     year = 1981,
   volume = 70,
    pages = {35-53},
      doi = {10.1143/PTPS.70.35},
   adsurl = {http://adsabs.harvard.edu/abs/1981PThPS..70...35H},
  adsnote = {Provided by the SAO/NASA Astrophysics Data System}
}

@ARTICLE{Weidenschilling1977,
   author = {{Weidenschilling}, S.~J.},
    title = "{The distribution of mass in the planetary system and solar nebula}",
  journal = {\apss},
 keywords = {Astronomical Models, Mass Distribution, Planetary Composition, Planetary Mass, Solar System, Asteroids, Cosmology, Nebulae, Space Density},
     year = 1977,
    month = sep,
   volume = 51,
    pages = {153-158},
      doi = {10.1007/BF00642464},
   adsurl = {http://adsabs.harvard.edu/abs/1977Ap%26SS..51..153W},
  adsnote = {Provided by the SAO/NASA Astrophysics Data System}
}

@ARTICLE{Sasselov2000,
   author = {{Sasselov}, D.~D. and {Lecar}, M.},
    title = "{On the Snow Line in Dusty Protoplanetary Disks}",
  journal = {\apj},
   eprint = {astro-ph/9911390},
 keywords = {ACCRETION, ACCRETION DISKS, ISM: DUST, EXTINCTION, INTERPLANETARY MEDIUM, STARS: PLANETARY SYSTEMS, RADIATIVE TRANSFER, STARS: PRE-MAIN-SEQUENCE, Accretion, Accretion Disks, ISM: Dust, Extinction, Interplanetary Medium, Stars: Planetary Systems, Radiative Transfer, Stars: Pre-Main-Sequence},
     year = 2000,
    month = jan,
   volume = 528,
    pages = {995-998},
      doi = {10.1086/308209},
   adsurl = {http://adsabs.harvard.edu/abs/2000ApJ...528..995S},
  adsnote = {Provided by the SAO/NASA Astrophysics Data System}
}

@ARTICLE{Blum2008,
   author = {{Blum}, J. and {Wurm}, G.},
    title = "{The Growth Mechanisms of Macroscopic Bodies in Protoplanetary Disks}",
  journal = {\araa},
     year = 2008,
    month = sep,
   volume = 46,
    pages = {21-56},
      doi = {10.1146/annurev.astro.46.060407.145152},
   adsurl = {http://adsabs.harvard.edu/abs/2008ARA%26A..46...21B},
  adsnote = {Provided by the SAO/NASA Astrophysics Data System}
}

@ARTICLE{Weidenschilling1977b,
   author = {{Weidenschilling}, S.~J.},
    title = "{Aerodynamics of solid bodies in the solar nebula}",
  journal = {\mnras},
 keywords = {Aerodynamic Drag, Interplanetary Dust, Nebulae, Radial Velocity, Solids, Sun, Equations Of Motion, Fractionation, Orbital Velocity, Particle Collisions, Particle Motion, Pressure Gradients, Stellar Models, Wind Velocity},
     year = 1977,
    month = jul,
   volume = 180,
    pages = {57-70},
      doi = {10.1093/mnras/180.1.57},
   adsurl = {http://adsabs.harvard.edu/abs/1977MNRAS.180...57W},
  adsnote = {Provided by the SAO/NASA Astrophysics Data System}
}

@ARTICLE{Armitage2007,
   author = {{Armitage}, P.~J.},
    title = "{Lecture notes on the formation and early evolution of planetary systems}",
  journal = {ArXiv Astrophysics e-prints},
   eprint = {astro-ph/0701485},
 keywords = {Astrophysics},
     year = 2007,
    month = jan,
   adsurl = {http://adsabs.harvard.edu/abs/2007astro.ph..1485A},
  adsnote = {Provided by the SAO/NASA Astrophysics Data System}
}

@ARTICLE{Boley2014,
   author = {{Boley}, A.~C. and {Morris}, M.~A. and {Ford}, E.~B.},
    title = "{Overcoming the Meter Barrier and the Formation of Systems with Tightly Packed Inner Planets (STIPs)}",
  journal = {\apjl},
archivePrefix = "arXiv",
   eprint = {1407.6707},
 primaryClass = "astro-ph.EP",
 keywords = {minor planets, asteroids: general, planets and satellites: formation, protoplanetary disks },
     year = 2014,
    month = sep,
   volume = 792,
      eid = {L27},
    pages = {L27},
      doi = {10.1088/2041-8205/792/2/L27},
   adsurl = {http://adsabs.harvard.edu/abs/2014ApJ...792L..27B},
  adsnote = {Provided by the SAO/NASA Astrophysics Data System}
}

@ARTICLE{Goldreich1973,
   author = {{Goldreich}, P. and {Ward}, W.~R.},
    title = "{The Formation of Planetesimals}",
  journal = {\apj},
     year = 1973,
    month = aug,
   volume = 183,
    pages = {1051-1062},
      doi = {10.1086/152291},
   adsurl = {http://adsabs.harvard.edu/abs/1973ApJ...183.1051G},
  adsnote = {Provided by the SAO/NASA Astrophysics Data System}
}

@ARTICLE{Wetherill1989,
   author = {{Wetherill}, G.~W. and {Stewart}, G.~R.},
    title = "{Accumulation of a swarm of small planetesimals}",
  journal = {\icarus},
 keywords = {Planetary Evolution, Protoplanets, Fokker-Planck Equation, Inelastic Collisions, Velocity Distribution, PLANETS, PLANETESIMALS, DYNAMICS, FORMATION, PARAMETERS, TIME SCALE, TERRESTRIAL PLANETS, EVOLUTION, ACCRETION, HYPOTHESES, CALCULATIONS, PROCEDURE, MASS, DISTRIBUTION, FRAGMENTATION, MODELS, DISTANCE},
     year = 1989,
    month = feb,
   volume = 77,
    pages = {330-357},
      doi = {10.1016/0019-1035(89)90093-6},
   adsurl = {http://adsabs.harvard.edu/abs/1989Icar...77..330W},
  adsnote = {Provided by the SAO/NASA Astrophysics Data System}
}

@BOOK{Safronov1972,
   author = {{Safronov}, V.~S.},
    title = "{Evolution of the protoplanetary cloud and formation of the earth and planets.}",
booktitle = {Evolution of the protoplanetary cloud and formation of the earth and planets., by Safronov, V.~S..~Translated from Russian.~Jerusalem (Israel): Israel Program for Scientific Translations, Keter Publishing House, 212 p.},
     year = 1972,
   adsurl = {http://adsabs.harvard.edu/abs/1972epcf.book.....S},
  adsnote = {Provided by the SAO/NASA Astrophysics Data System}
}

@ARTICLE{Kokubo1998,
   author = {{Kokubo}, E. and {Ida}, S.},
    title = "{Oligarchic Growth of Protoplanets}",
  journal = {\icarus},
     year = 1998,
    month = jan,
   volume = 131,
    pages = {171-178},
      doi = {10.1006/icar.1997.5840},
   adsurl = {http://adsabs.harvard.edu/abs/1998Icar..131..171K},
  adsnote = {Provided by the SAO/NASA Astrophysics Data System}
}

@ARTICLE{Greenberg1978,
   author = {{Greenberg}, R. and {Hartmann}, W.~K. and {Chapman}, C.~R. and 
	{Wacker}, J.~F.},
    title = "{Planetesimals to planets - Numerical simulation of collisional evolution}",
  journal = {\icarus},
 keywords = {Collision Parameters, Computerized Simulation, Gravitational Effects, Planetary Evolution, Solar Simulation, Algorithms, Escape Velocity, Mass Distribution, Orbital Elements, Particle Size Distribution, Velocity Distribution},
     year = 1978,
    month = jul,
   volume = 35,
    pages = {1-26},
      doi = {10.1016/0019-1035(78)90057-X},
   adsurl = {http://adsabs.harvard.edu/abs/1978Icar...35....1G},
  adsnote = {Provided by the SAO/NASA Astrophysics Data System}
}

@ARTICLE{Schlichting2014,
   author = {{Schlichting}, H.~E.},
    title = "{Formation of Close in Super-Earths and Mini-Neptunes: Required Disk Masses and their Implications}",
  journal = {\apjl},
archivePrefix = "arXiv",
   eprint = {1410.1060},
 primaryClass = "astro-ph.EP",
 keywords = {planets and satellites: dynamical evolution and stability, planets and satellites: formation, protoplanetary disks},
     year = 2014,
    month = nov,
   volume = 795,
      eid = {L15},
    pages = {L15},
      doi = {10.1088/2041-8205/795/1/L15},
   adsurl = {http://adsabs.harvard.edu/abs/2014ApJ...795L..15S},
  adsnote = {Provided by the SAO/NASA Astrophysics Data System}
}
